@online{
	clientserverarchitecture,
	note={\url{https://cio-wiki.org/wiki/Client_Server_Architecture}},
    Title={Arhitecture Client-Server},
}
